@article{ansolabehere2014does,
  title={Does survey mode still matter? Findings from a 2010 multi-mode comparison},
  author={Ansolabehere, Stephen and Schaffner, Brian F},
  journal={Political Analysis},
  volume={22},
  number={3},
  pages={285--303},
  year={2014},
  publisher={Cambridge University Press}
}

@article{curtis2018consumer,
  title={Consumer security behaviors and trust following a data breach},
  author={Curtis, Shelby R and Carre, Jessica Rose and Jones, Daniel Nelson},
  journal={Managerial Auditing Journal},
  volume={33},
  number={4},
  pages={425--435},
  year={2018},
  publisher={Emerald Publishing Limited}
}

@article{fiegerman_2016,
  title={Yahoo says 500 million accounts stolen},
  url={https://money.cnn.com/2016/09/22/technology/yahoo-data-breach/index.htm}, 
  journal={CNN Business},
  author={Fiegerman, Seth},
  year={2016},
  month={Sep}
}

@article{janakiraman2018effect,
  title={The effect of a data breach announcement on customer behavior: Evidence from a multichannel retailer},
  author={Janakiraman, Ramkumar and Lim, Joon Ho and Rishika, Rishika},
  journal={Journal of Marketing},
  volume={82},
  number={2},
  pages={85--105},
  year={2018},
  publisher={SAGE Publications Sage CA: Los Angeles, CA}
}

@article{laohaprapanon2018domain,
  title={Domain Knowledge: Predicting the Kind of Content Hosted by a Domain},
  author={Laohaprapanon, Suriyan and Sood, Gaurav},
  year={2018}
}

@article{kuhn2018147,
  title={147 Million Social Security Numbers for Sale: Developing Data Protection Legislation After Mass Cybersecurity Breaches},
  author={Kuhn, McKenzie L},
  journal={Iowa L. Rev.},
  volume={104},
  pages={417},
  year={2018},
  publisher={HeinOnline}
}

@misc{mccandless, 
  title={World's Biggest Data Breaches and Hacks}, 
  url={http://www.informationisbeautiful.net/visualizations/worlds-biggest-data-breaches-hacks/}, 
  publisher={Information is Beautiful}, 
  author={McCandless, David}, 
  year={2017}, 
  month={Mar}
}

@article{mikhed2018data,
  title={How data breaches affect consumer credit},
  author={Mikhed, Vyacheslav and Vogan, Michael},
  journal={Journal of Banking \& Finance},
  volume={88},
  pages={192--207},
  year={2018},
  publisher={Elsevier}
}

@article{newman_2016, 
  title={Hack Brief: Hackers Breach A Billion Yahoo Accounts. A Billion.}, 
  url={https://www.wired.com/2016/12/yahoo-hack-billion-users/}, 
  journal={Wired}, 
  author={Newman, Lily Hay}, 
  year={2016}, 
  month={Dec}
}

@article{nieuwesteeg2018analysis,
  title={An analysis of the effectiveness of the EU data breach notification obligation},
  author={Nieuwesteeg, Bernold and Faure, Michael},
  journal={Computer Law \& Security Review},
  volume={34},
  number={6},
  pages={1232--1246},
  year={2018},
  publisher={Elsevier}
}

@misc{rivers,
  author = {Rivers, Douglas},
  title = {Decennial Census Surname Files (2010, 2000)},
  year = {2010},
  note = {Sample Matching: Representative Sampling from Internet Panels, 
          \url{https://github.com/themains/pwned/lit/rivers.pdf}},
}

@article{rosati2019social,
  title={Social media and stock price reaction to data breach announcements: Evidence from US listed companies},
  author={Rosati, Pierangelo and Deeney, Peter and Cummins, Mark and Van der Werff, Lisa and Lynn, Theo},
  journal={Research in International Business and Finance},
  volume={47},
  pages={458--469},
  year={2019},
  publisher={Elsevier}
}

@article{whitler2017impact,
  title={The Impact of Cyber Attacks On Brand Image: Why Proactive Marketing Expertise Is Needed for Managing Data Breaches},
  author={Whitler, Kimberly A and Farris, Paul W},
  journal={Journal of Advertising Research},
  volume={57},
  number={1},
  pages={3--9},
  year={2017},
  publisher={Journal of Advertising Research}
}
